%%%%%%%%%%%%%%%%%%%%%%%%%%%%%%%%%%%%%%%%%%%%%%%%%%%%%%%%%%%%%%%%%%%%%%%%%%%%%%%
%% Descr:       Vorlage für Berichte der DHBW-Karlsruhe, BibTeX
%% Author:      Prof. Dr. Jürgen Vollmer, vollmer AT dhbw-karlsruhe.de
%% $Id: bericht.bib,v 1.10 2016/03/16 12:27:42 vollmer draft $
%% -*- coding: utf-8 -*-
%%%%%%%%%%%%%%%%%%%%%%%%%%%%%%%%%%%%%%%%%%%%%%%%%%%%%%%%%%%%%%%%%%%%%%%%%%%%%%%

@BOOK{geron.2017,
	AUTHOR		= {Aurélion Géron},
	TITLE		= {Hands-On Machine Learning with Scikit-Learn \& TensorFlow},
	PUBLISHER	= {O'Reilly Media Inc.},
	YEAR		= {2017},
	VOLUME 		= {1} 
}

@article{fixedgas,
	author = {Khuller, Samir and Malekian, Azarakhsh and Mestre, Juli\'{a}n},
	title = {To Fill or Not to Fill: The Gas Station Problem},
	journal = {ACM Trans. Algorithms},
	issue_date = {July 2011},
	volume = {7},
	number = {3},
	month = jul,
	year = {2011},
	issn = {1549-6325},
	pages = {36:1--36:16},
	articleno = {36},
	numpages = {16},
	url = {http://doi.acm.org/10.1145/1978782.1978791},
	doi = {10.1145/1978782.1978791},
	acmid = {1978791},
	publisher = {ACM},
	address = {New York, NY, USA},
	keywords = {Graph theory, approximation algorithms, shortest paths, vehicle routing},
}

@article{faz,
	title		= {Das Wunder des billigen Öls},
	author		= {Christian Seidenbeidel},
	journal		= {Frankfurter allgemeine Zeitung},
	year		= {2015},
	url			= {http://www.faz.net/aktuell/finanzen/devisen-rohstoffe/wie-lange-autofahrer-noch-so-billig-tanken-koennen-13363092.html},
	note		= {letzter Zugriff: 19.01.2018}
}

@book{gof,
	author = {Gamma, Erich and Helm, Richard and Johnson, Ralph and Vlissides, John},
	title = {Design Patterns: Elements of Reusable Object-oriented Software},
	year = {1995},
	isbn = {0-201-63361-2},
	publisher = {Addison-Wesley Longman Publishing Co., Inc.},
	address = {Boston, MA, USA},
} 

@article{gbm,
	author = "Friedman, Jerome H.",
	doi = "10.1214/aos/1013203451",
	fjournal = "The Annals of Statistics",
	journal = "Ann. Statist.",
	month = "10",
	number = "5",
	pages = "1189--1232",
	publisher = "The Institute of Mathematical Statistics",
	title = "Greedy function approximation: A gradient boosting 			 machine.",
	url = "https://doi.org/10.1214/aos/1013203451",
	volume = "29",
	year = "2001"
}

@article{ladestations-planung,
	author		= {Christoph M. Schwarzer},
	title		= {Das Ladeelend hat ein Ende},
	journal		= {Zeit Online},
	url			= {https://www.zeit.de/mobilitaet/2017-03/elektroauto-infrastruktur-bundesverkehrsministerium-foerdergeld-schnell-ladestationen},
	year		= {2017},
	note		= {letzter Zugriff: 20.01.2018}
}

@misc{oel-strom,
	title		= {Energiemarkt Kommentar: Ölpreis dominiert alle Energiepreise},
	howpublished= {\url{https://www.ispex.de/energiemarkt-kommentar-02-2016-oelpreis-dominiert-alle-energiepreise/}},
	year 		= {2016},
	note		= {letzter Zugriff: 20.01.2018}
}

@misc{haversine,
	title		= {Haversine formula},
	howpublished= {\url{https://rosettacode.org/wiki/Haversine_formula}},
	note		= {letzter Zugriff: 19.01.2018},
	
}

@MISC{fortbewegung,
	title		= {Auto ist in Deutschland immer noch die Nummer 1},
	author 		= {Mathias Brandt},
	howpublished= {\url{https://de.statista.com/infografik/9162/nutzung-von-verkehrsmitteln-in-deutschland/}},
	year 		= {2017},
	note		= {letzter Zugriff: 21.01.2018}
}

@misc{nottingham,
	author		= {M. Nottingham},
	title		= {Problem Details for HTTP APIs},
	howpublished= {\url{https://tools.ietf.org/html/draft-nottingham-http-problem-06}},
	year		= {2014},
	note		= {letzter Zugriff: 19.01.2018}

}

@misc{stat,
	author		= {statista.com},
	title		= {Durchschnittlicher Benzinpreis in Deutschland in den Jahren 1972 bis 2018 (Cent pro Liter Superbenzin)},
	year		= {2018},
	howpublished= {\url{https://de.statista.com/statistik/daten/studie/776/umfrage/durchschnittspreis-fuer-superbenzin-seit-dem-jahr-1972/}},
	note		= {letzter Zugriff: 19.01.2018}
}

@misc{osm,
	author		= {OpenStreetMap.org},
	title		= {OpenStreetMap},
	howpublished= {http://www.openstreetmap.org},
	note		= {letzter Zugriff: 18.01.2018}
}

@misc{ferien,
	author		= {Schulferien.org},
	howpublished= {\url{https://www.schulferien.org/}},
	note		= {letzter Zugriff: 18.01.2018}

}

@misc{holidays,
	author		= {dr-prodigy},
	title		= {holidays-Python Package},
	howpublished= {\url{https://pypi.org/project/holidays/}},
}

%%%%%%%%%%%%%%%%%%%%%%%%%%%%%%%%%%%%%%%%%%%%%%%%%%%%%%%%%%%%%%%%%%%%%%%%%%%%%%%
% Bildquellen: